% Encoding: UTF-8

@Article{Stories,
  author    = {Max Rehkopf},
  title     = {User Stories with Examples and Template},
  journal   = {None},
  year      = {2019},
  publisher = {Atlassian Blog},
}

@Article{MMFacialRecognition,
  author  = {Paviro},
  title   = {Magic Mirror Facial Recognition},
  journal = {Website},
  year    = {2017},
  url     = {https://github.com/paviro/MMM-Facial-Recognition},
}

@Article{MagicMirror,
  author  = {Michael Teeuw},
  title   = {Magic Mirror},
  journal = {Website},
  year    = {2019},
  url     = {https://github.com/MichMich/MagicMirror},
}

@Article{MMRemoteControl,
  author  = {Joseph Bethge},
  title   = {Magic Mirror Remote Control},
  journal = {Website},
  year    = {2016},
  url     = {https://github.com/Jopyth/MMM-Remote-Control},
}

@Article{MMFacialRecognitionTools,
  author  = {Paviro},
  title   = {Magic Mirror Facial Recognition Tools},
  journal = {Website},
  year    = {2018},
  url     = {http://www.bibme.org/items/confirm},
}

@Article{GoogleCoral,
  author  = {Google},
  title   = {Google Coral TFLITE Example},
  journal = {Website},
  year    = {2019},
  url     = {https://github.com/google-coral/tflite/tree/master/python/examples/classification},
}

@Comment{jabref-meta: databaseType:bibtex;}
